<record><leader>00000cas a22000007a 4500</leader><controlfield tag="001">26992738</controlfield><controlfield tag="008">921118d1897190uctuwn ne      0    0eng d</controlfield><datafield ind1=" " ind2=" " tag="010"><subfield code="a">sn 92060568 </subfield></datafield><datafield ind1=" " ind2=" " tag="040"><subfield code="a">YOX</subfield><subfield code="b">eng</subfield><subfield code="c">YOX</subfield><subfield code="d">CNW</subfield><subfield code="d">OCLCQ</subfield><subfield code="d">KRTAS</subfield><subfield code="d">OCLCQ</subfield></datafield><datafield ind1=" " ind2=" " tag="042"><subfield code="a">msc</subfield></datafield><datafield ind1="0" ind2=" " tag="130"><subfield code="a">Chimes (Norfolk, Conn.)</subfield></datafield><datafield ind1="1" ind2="4" tag="245"><subfield code="a">The chimes.</subfield></datafield><datafield ind1=" " ind2=" " tag="260"><subfield code="a">Norfolk, Conn. :</subfield><subfield code="b">George A. Marvin</subfield></datafield><datafield ind1=" " ind2=" " tag="300"><subfield code="a">v.</subfield></datafield><datafield ind1=" " ind2=" " tag="310"><subfield code="a">Weekly (during the summer)</subfield></datafield><datafield ind1="0" ind2=" " tag="362"><subfield code="a">Vol. 1, no. 1 (June 30, 1897)-</subfield></datafield><datafield ind1=" " ind2=" " tag="500"><subfield code="a">"A weekly paper devoted to the interests of Norfolk."</subfield></datafield><datafield ind1=" " ind2=" " tag="515"><subfield code="a">Published weekly from the last week in June to the first week in Sept.</subfield></datafield><datafield ind1=" " ind2="4" tag="651"><subfield code="a">Norfolk (Conn.)</subfield><subfield code="v">Newspapers.</subfield></datafield><datafield ind1=" " ind2=" " tag="752"><subfield code="a">United States</subfield><subfield code="b">Connecticut</subfield><subfield code="c">Litchfield</subfield><subfield code="d">Norfolk.</subfield></datafield><datafield ind1="0" ind2="0" tag="780"><subfield code="t">Norfolk chimes</subfield><subfield code="w">(DLC)sn 92060567</subfield><subfield code="w">(OCoLC)26992725</subfield></datafield><datafield ind1=" " ind2=" " tag="938"><subfield code="a">Kirtas Technologies, Inc.</subfield><subfield code="b">KRTS</subfield><subfield code="n">740534</subfield></datafield><datafield ind1="1" ind2=" " tag="029"><subfield code="a">AU@</subfield><subfield code="b">000020717256</subfield></datafield></record>